<record><leader>00000cas a22000007a 4500</leader><controlfield tag="001">15585714</controlfield><controlfield tag="008">870424d19301931msudr ne      0    0eng d</controlfield><datafield ind1=" " ind2=" " tag="010"><subfield code="a">sn 87065324 </subfield></datafield><datafield ind1=" " ind2=" " tag="040"><subfield code="a">MJA</subfield><subfield code="b">eng</subfield><subfield code="c">MJA</subfield><subfield code="d">MSJ</subfield><subfield code="d">OCLCQ</subfield></datafield><datafield ind1=" " ind2=" " tag="042"><subfield code="a">msc</subfield></datafield><datafield ind1="0" ind2=" " tag="130"><subfield code="a">Laurel leader-call (Laurel, Miss. : 1930)</subfield></datafield><datafield ind1="1" ind2="4" tag="245"><subfield code="a">The Laurel leader-call.</subfield></datafield><datafield ind1=" " ind2=" " tag="260"><subfield code="a">Laurel, Miss. :</subfield><subfield code="b">Laurel Daily Leader,</subfield><subfield code="c">1930-1931.</subfield></datafield><datafield ind1=" " ind2=" " tag="310"><subfield code="a">Daily</subfield></datafield><datafield ind1="0" ind2=" " tag="362"><subfield code="a">Vol. 30, no. 95 (Feb. 3, 1930)-v. 31, no. 199 (Jun. 5, 1931).</subfield></datafield><datafield ind1=" " ind2=" " tag="752"><subfield code="a">United States</subfield><subfield code="b">Mississippi</subfield><subfield code="c">Jones</subfield><subfield code="d">Laurel.</subfield></datafield><datafield ind1="0" ind2="4" tag="780"><subfield code="t">Laurel daily leader (Laurel, Miss. : 1920)</subfield><subfield code="w">(OCoLC)15584772</subfield></datafield><datafield ind1="0" ind2="4" tag="780"><subfield code="t">Morning call (Laurel, Miss.)</subfield><subfield code="w">(OCoLC)14917114</subfield></datafield><datafield ind1="0" ind2="0" tag="785"><subfield code="t">Leader-call</subfield><subfield code="w">(OCoLC)15585629</subfield></datafield></record>